@article{OliveiraESterlingL,
	author = {Oliveira, Eduardo and Sterling, Leon},
	title = {Motivational Models for Validating Agile Requirements In Software Engineering Subjects},
	journal = {19th International Conference on Software Engineering Research and Practice},
	year = {2021},
}
